

@article{Ajoodani94,
author = {Ajoodani-Namini, S. and  Khosrovashahi, G.B.},
title = "{More on halving the complete designs.}",
source = "{Discrete Math. 135, No.1-3, 29-37 (1994). [ISSN 0012-365X]}",
  JOURNAL = {Discrete Math.},
   VOLUME = {135},
     YEAR = {1994},
    PAGES = {29-37},
}


@article {AssmusMattson69c,
   AUTHOR = {Assmus, E. F., Jr. and Mattson, H. F., Jr.},
    TITLE = {New $5$-designs},
  JOURNAL = {J. Combinatorial Theory},
   VOLUME = {6},
     YEAR = {1969},
    PAGES = {122--151},
}

@article {AssmusMattson66a,
   AUTHOR = {Assmus, E. F., Jr. and Mattson, H. F., Jr.},
    TITLE = {Disjoint {S}teiner systems associated with the {M}athieu
             groups},
  JOURNAL = {Bull. Amer. Math. Soc.},
   VOLUME = {72},
     YEAR = {1966},
    PAGES = {843--845},
}

@article {Bettenetal97b,
   AUTHOR = {Betten, Anton and Laue, Reinhard and Wassermann, Alfred},
    TITLE = {Simple 6 and 7-designs on 19 to 33 points.},
  JOURNAL = {Congressus Numerantium},
   VOLUME = {123},
     YEAR = {1997},
    PAGES = {149--160},
}

@article {Bettenetal98,
   AUTHOR = {Betten, Anton and Kerber, Adalbert and 
Laue, Reinhard and Wassermann, Alfred},
    TITLE = {Simple 8-Designs with Small Parameters.},
  JOURNAL = {Designs, Codes, Cryptography},
   VOLUME = {15},
     YEAR = {1998},
    PAGES = {5--27},
}

@article {Bettenetal98a,
      AUTHOR = {Betten, Anton and  Laue, Reinhard and Wassermann, Alfred},
       TITLE = {A Steiner 5-Design on 36 Points.},
     JOURNAL = {Designs, Codes, Cryptography},
      VOLUME = {},
        YEAR = {},
       PAGES = {},
        NOTE = {Preprint}, 
}

@article {Bettenetal98b,
      AUTHOR = {Betten, Anton and Laue,Reinhard and Wassermann, Alfred},
       TITLE = {Simple 7-Designs with Small Parameters},
     JOURNAL = {J. of Combinatorial Designs},
        NOTE = {Preprint},
}


@incollection {Bettenetal95b,
   AUTHOR = {Betten, Anton and Kerber, Adalbert and Kohnert, Axel and Laue,
             Reinhard and Wassermann, Alfred},
    TITLE = {The discovery of simple $7$-designs with automorphism group
             ${P}{\Gamma}{L}(2,32)$},
BOOKTITLE = {Applied algebra, algebraic algorithms and error-correcting
             codes (Paris, 1995)},
    PAGES = {131--145},
   SERIES = {Lecture Notes in Comput. Sci.},
   VOLUME = {948},
PUBLISHER = {Springer},
  ADDRESS = {Berlin},
     YEAR = {1995},
}




@techreport{Brouwer86,
author={Brouwer, A. E.},
title={Table of $t$-designs without repeated blocks, 
$2 \le t \le k le v/2$, $\lambda \le \lambda^+/2$},
institution={Math. Centrum. Amsterdam},
year={1977},
type={Report},
number={ZN76}
note={unpublished update 1986}
}


@article{Denniston76,
author = {Denniston, R.H.F.},
title = "{Some new 5-designs.}",
language = "{English}",
source = "{Bull. Lond. Math. Soc. 8, 263-267 (1976). [ISSN 0024-6093]}",
  JOURNAL = {Bull. Lond. Math. Soc.},
   VOLUME = {8},
     YEAR = {1976},
    PAGES = {263-267},
}


@misc{Driessen78,
author={Driessen, L.M.H.E.},
note={$t$-designs, $t \ge 3$, Technical Report, Department of 
Mathematics, Eindhoven University of Technology, 1978},
}

@article{Grannelletal98,
author = {Grannell, M.J. and  Griggs, T.S. and  Mathon, R.A.},
title = "{Steiner systems $S(5,6,v)$ with $v=72$ and $84$. (Supplement, S1--S9).}",
source = "{Math. Comput. 67, No.221, 357-359 (1998). [ISSN 0025-5718; ISSN 1088-6842]
http://www.ams.org/mcom/1998-67-221/}",
  JOURNAL = {Math. Comput.},
   VOLUME = {67},
     YEAR = {1998},
    PAGES = {357-359},
     NOTE = {http://www.ams.org/mcom/1998-67-221/},
}


@article {Grannelletal93,
   AUTHOR = {Grannell, M. J. and Griggs, T. S. and Mathon, R. A.},
    TITLE = {Some {S}teiner $5$-designs with $108$ and $132$ points},
  JOURNAL = {J. Combin. Des.},
 FJOURNAL = {Journal of Combinatorial Designs},
   VOLUME = {1},
     YEAR = {1993},
   NUMBER = {3},
    PAGES = {213--238},
     ISSN = {1063-8539},
}




@article {Kramer75,
   AUTHOR = {Kramer, Earl S.},
    TITLE = {Some $t$-designs for $t\geq 4$ and $v=17,18$},
BOOKTITLE = {Proceedings of the Sixth Southeastern Conference on
             Combinatorics, Graph Theory, and Computing (Florida Atlantic
             Univ., Boca Raton, Fla., 1975)},
    PAGES = {443--460. Congressus Numerantium, No. XIV},
PUBLISHER = {Utilitas Math.},
  ADDRESS = {Winnipeg, Man.},
     YEAR = {1975},
}

@incollection {Krameretal85,
   AUTHOR = {Kramer, Earl S. and Leavitt, David W. and Magliveras, Spyros S.},
    TITLE = {Construction procedures for $t$-designs and the existence of
             new simple $6$-designs},
BOOKTITLE = {Algorithms in combinatorial design theory},
    PAGES = {247--273},
   SERIES = {North-Holland Math. Stud.},
   VOLUME = {114},
PUBLISHER = {North-Holland},
  ADDRESS = {Amsterdam},
     YEAR = {1985},
}

@inproceedings {Kramer84,
   AUTHOR = {Kramer, Earl S.},
    TITLE = {The $t$-designs using ${M}\sb{21}\simeq {\rm
             {P}{S}{L}}\sb{3}(4)$ on $21$\ points},
  JOURNAL = {Ars Combin.},
 FJOURNAL = {Ars Combinatoria},
   VOLUME = {17},
     YEAR = {1984},
    PAGES = {191--208},
     ISSN = {0381-7032},
    CODEN = {ACOMDN},
}

@article {KramerMagliveras74,
   AUTHOR = {Kramer, Earl S. and Magliveras, Spyros S.},
    TITLE = {Some mutually disjoint {S}teiner systems},
  JOURNAL = {J. Combinatorial Theory Ser. A},
   VOLUME = {17},
     YEAR = {1974},
    PAGES = {39--43},
}


@techreport{Kreher95,
author={Kreher, D. L.},
title={$t$-designs 1995},
institution={Michigan Technical University},
year={1995},
}

@article {Kreher93,
   AUTHOR = {Kreher, Donald L.},
    TITLE = {An infinite family of (simple) $6$-designs},
  JOURNAL = {J. Combin. Des.},
 FJOURNAL = {Journal of Combinatorial Designs},
   VOLUME = {1},
     YEAR = {1993},
   NUMBER = {4},
    PAGES = {277--280},
     ISSN = {1063-8539},
}


@incollection {KreherRadziszowski87a,
   AUTHOR = {Kreher, Donald L. and Radziszowski, Stanis{\l}aw P.},
    TITLE = {Simple $5$-$(28,6,\lambda)$ designs from ${\rm {P}{S}{L}}\sb
             2(27)$},
BOOKTITLE = {Combinatorial design theory},
    PAGES = {315--318},
   SERIES = {North-Holland Math. Stud.},
   VOLUME = {149},
PUBLISHER = {North-Holland},
  ADDRESS = {Amsterdam},
     YEAR = {1987},
}

@inproceedings {KreherRadziszowski86,
   AUTHOR = {Kreher, Donald L. and Radziszowski, Stanislaw P.},
    TITLE = {The existence of simple $6$-$(14,7,4)$ designs},
  JOURNAL = {J. Combin. Theory Ser. A},
 FJOURNAL = {Journal of Combinatorial Theory. Series A},
   VOLUME = {43},
     YEAR = {1986},
   NUMBER = {2},
    PAGES = {237--243},
     ISSN = {0097-3165},
    CODEN = {JCBTA7},
}



@article{KitazumeMunemasa97,
author = {Kitazume and Munemasa},
note={preprint}
}


@article {Laue98,
   AUTHOR = {Laue, Reinhard},
    TITLE = {Halvings on small point sets},
     NOTE = {Preprint},
}




@article {MacWilliamsetal78,
   AUTHOR = {MacWilliams, F. J. and Odlyzko, A. M. and Sloane, N. J. A. and
             Ward, H. N.},
    TITLE = {Self-dual codes over ${\rm {G}{F}}(4)$},
  JOURNAL = {J. Combin. Theory Ser. A},
 FJOURNAL = {Journal of Combinatorial Theory. Series A},
   VOLUME = {25},
     YEAR = {1978},
   NUMBER = {3},
    PAGES = {288--318},
     ISSN = {0097-3165},
    CODEN = {JCBTA7},
}

@incollection {MagliverasLeavitt84,
   AUTHOR = {Magliveras, Spyros S. and Leavitt, David W.},
    TITLE = {Simple $6$-$(33,\,8,\,36)$ designs from ${\rm {P}}\Gamma {\rm
             {L}}\sb{2}(32)$},
BOOKTITLE = {Computational group theory (Durham, 1982)},
    PAGES = {337--352},
PUBLISHER = {Academic Press},
  ADDRESS = {London},
     YEAR = {1984},
}



@inproceedings{Mathon97,
author = {Mathon, Rudolf},
title = "{Searching for spreads and packings.}",
source = "{Hirschfeld, J. W. P. (ed.) et al., Geometry, combinatorial designs and related
 structures. Proceedings of the first Pythagorean conference, Island of
 Spetses, Greece, June 1--7, 1996. Cambridge: Cambridge University Press.
 Lond. Math. Soc. Lect. Note Ser. 245, 161-176 (1997). [ISBN 0-521-59538-X/pbk;
 ISSN 0076-0552 ]}",
booktitle = {Geometry, combinatorial designs and related
 structures. Proceedings of the first Pythagorean conference, Island of
 Spetses, Greece, June 1--7, 1996}, 
   SERIES = {Lond. Math. Soc. Lect. Note Ser.},
   VOLUME = {245},
pages = {161-176},
publisher =  {Cambridge University Press.},
address = {Cambridge},
year = 1997,
     ISBN = {0-521-59538-X},
}

@article{Mills78,
author = {Mills, W.B.},
title = "{A new 5-design.}",
language = "{English}",
source = "{Ars Comb. 6, 193-195 (1978). [ISSN 0381-7032]}",
  JOURNAL = {Ars Comb.},
   VOLUME = {6},
     YEAR = {1978},
    PAGES = {193-195},
}



@misc {Sebille98,
   AUTHOR = {Sebille, Michel},
    TITLE = {Designs: extensions et groupes primitifs},
     NOTE = {Masters thesis, Universit\'e Libre de Bruxelles},
     YEAR = {1998},
}

@article {Schmalz93,
   AUTHOR = {Schmalz, Bernd},
    TITLE = {The $t$-designs with prescribed automorphism group, new simple
             $6$-designs},
  JOURNAL = {J. Combin. Des.},
 FJOURNAL = {Journal of Combinatorial Designs},
   VOLUME = {1},
     YEAR = {1993},
   NUMBER = {2},
    PAGES = {125--170},
     ISSN = {1063-8539},
}


@article {TranvanTrung86,
   AUTHOR = {Tran Van Trung},
    TITLE = {On the construction of $t$-designs and the existence of some
             new infinite families of simple $5$-designs},
  JOURNAL = {Arch. Math. (Basel)},
 FJOURNAL = {Archiv der Mathematik. Archives of Mathematics. Archives
             Math\'ematiques},
   VOLUME = {47},
     YEAR = {1986},
   NUMBER = {2},
    PAGES = {187--192},
     ISSN = {0003-889X},
    CODEN = {ACVMAL},
}





@article{Witt38,
author = {Witt, Ernst},
title = "{\"Uber Steinersche Systeme.}",
source = "{Abh. Math. Semin. Hansische Univ. 12, 265-275 (1938).}",
  JOURNAL = {Abh. Math. Semin. der Universit"at Hamburg},
   VOLUME = {12},
     YEAR = {1938},
    PAGES = {265-275},
}
